@inproceedings{seaton2022poster,
  title={Poster: Toward Zero-Trust Path-Aware Access Control},
  author={Seaton, Joshua H and Hounsinou, Sena and Wood, Timothy and Xu, Shouhuai and Brown, Philip N and Bloom, Gedare},
  booktitle={Proceedings of the 27th ACM on Symposium on Access Control Models and Technologies},
  pages={267--269},
  year={2022}
}
@article{xia2014survey,
  title={A survey on software-defined networking},
  author={Xia, Wenfeng and Wen, Yonggang and Foh, Chuan Heng and Niyato, Dusit and Xie, Haiyong},
  journal={IEEE Communications Surveys \& Tutorials},
  volume={17},
  number={1},
  pages={27--51},
  year={2014},
  publisher={IEEE}
}
@article{farhady2015software,
  title={Software-defined networking: A survey},
  author={Farhady, Hamid and Lee, HyunYong and Nakao, Akihiro},
  journal={Computer Networks},
  volume={81},
  pages={79--95},
  year={2015},
  publisher={Elsevier}
}
@article{zhang2018survey,
  title={A survey on software defined networking with multiple controllers},
  author={Zhang, Yuan and Cui, Lin and Wang, Wei and Zhang, Yuxiang},
  journal={Journal of Network and Computer Applications},
  volume={103},
  pages={101--118},
  year={2018},
  publisher={Elsevier}
}
@article{cox2017advancing,
  title={Advancing software-defined networks: A survey},
  author={Cox, Jacob H and Chung, Joaquin and Donovan, Sean and Ivey, Jared and Clark, Russell J and Riley, George and Owen, Henry L},
  journal={Ieee Access},
  volume={5},
  pages={25487--25526},
  year={2017},
  publisher={IEEE}
}
@article{cox2017advancing,
  title={Advancing software-defined networks: A survey},
  author={Cox, Jacob H and Chung, Joaquin and Donovan, Sean and Ivey, Jared and Clark, Russell J and Riley, George and Owen, Henry L},
  journal={Ieee Access},
  volume={5},
  pages={25487--25526},
  year={2017},
  publisher={IEEE}
}
@article{karakus2017quality,
  title={Quality of service (QoS) in software defined networking (SDN): A survey},
  author={Karakus, Murat and Durresi, Arjan},
  journal={Journal of Network and Computer Applications},
  volume={80},
  pages={200--218},
  year={2017},
  publisher={Elsevier}
}
@article{nunes2014survey,
  title={A survey of software-defined networking: Past, present, and future of programmable networks},
  author={Nunes, Bruno Astuto A and Mendonca, Marc and Nguyen, Xuan-Nam and Obraczka, Katia and Turletti, Thierry},
  journal={IEEE Communications surveys \& tutorials},
  volume={16},
  number={3},
  pages={1617--1634},
  year={2014},
  publisher={IEEE}
}
@article{jammal2014software,
  title={Software defined networking: State of the art and research challenges},
  author={Jammal, Manar and Singh, Taranpreet and Shami, Abdallah and Asal, Rasool and Li, Yiming},
  journal={Computer Networks},
  volume={72},
  pages={74--98},
  year={2014},
  publisher={Elsevier}
}
@article{ndiaye2017software,
  title={Software defined networking for improved wireless sensor network management: A survey},
  author={Ndiaye, Musa and Hancke, Gerhard P and Abu-Mahfouz, Adnan M},
  journal={Sensors},
  volume={17},
  number={5},
  pages={1031},
  year={2017},
  publisher={MDPI}
}
@article{bera2017software,
  title={Software-defined networking for internet of things: A survey},
  author={Bera, Samaresh and Misra, Sudip and Vasilakos, Athanasios V},
  journal={IEEE Internet of Things Journal},
  volume={4},
  number={6},
  pages={1994--2008},
  year={2017},
  publisher={IEEE}
}
@article{rawat2016software,
  title={Software defined networking architecture, security and energy efficiency: A survey},
  author={Rawat, Danda B and Reddy, Swetha R},
  journal={IEEE Communications Surveys \& Tutorials},
  volume={19},
  number={1},
  pages={325--346},
  year={2016},
  publisher={IEEE}
}
@article{horvath2015literature,
  title={A literature review on challenges and effects of software defined networking},
  author={Horvath, Raphael and Nedbal, Dietmar and Stieninger, Mark},
  journal={Procedia Computer Science},
  volume={64},
  pages={552--561},
  year={2015},
  publisher={Elsevier}
}
@article{xie2018survey,
  title={A survey of machine learning techniques applied to software defined networking (SDN): Research issues and challenges},
  author={Xie, Junfeng and Yu, F Richard and Huang, Tao and Xie, Renchao and Liu, Jiang and Wang, Chenmeng and Liu, Yunjie},
  journal={IEEE Communications Surveys \& Tutorials},
  volume={21},
  number={1},
  pages={393--430},
  year={2018},
  publisher={IEEE}
}
@article{akhunzada2016secure,
  title={Secure and dependable software defined networks},
  author={Akhunzada, Adnan and Gani, Abdullah and Anuar, Nor Badrul and Abdelaziz, Ahmed and Khan, Muhammad Khurram and Hayat, Amir and Khan, Samee U},
  journal={Journal of Network and Computer Applications},
  volume={61},
  pages={199--221},
  year={2016},
  publisher={Elsevier}
}
@article{kaljic2019survey,
  title={A survey on data plane flexibility and programmability in software-defined networking},
  author={Kaljic, Enio and Maric, Almir and Njemcevic, Pamela and Hadzialic, Mesud},
  journal={IEEE Access},
  volume={7},
  pages={47804--47840},
  year={2019},
  publisher={IEEE}
}
@article{rout2021energy,
  title={Energy efficiency in software defined networking: A survey},
  author={Rout, Suchismita and Sahoo, Kshira Sagar and Patra, Sudhansu Sekhar and Sahoo, Bibhudatta and Puthal, Deepak},
  journal={SN Computer Science},
  volume={2},
  number={4},
  pages={308},
  year={2021},
  publisher={Springer}
}
@article{benzekki2016software,
  title={Software-defined networking (SDN): a survey},
  author={Benzekki, Kamal and El Fergougui, Abdeslam and Elbelrhiti Elalaoui, Abdelbaki},
  journal={Security and communication networks},
  volume={9},
  number={18},
  pages={5803--5833},
  year={2016},
  publisher={Wiley Online Library}
}
@article{singh2017survey,
  title={A survey on software defined networking: Architecture for next generation network},
  author={Singh, Sanjeev and Jha, Rakesh Kumar},
  journal={Journal of Network and Systems Management},
  volume={25},
  pages={321--374},
  year={2017},
  publisher={Springer}
}
@article{hakiri2014software,
  title={Software-defined networking: Challenges and research opportunities for future internet},
  author={Hakiri, Akram and Gokhale, Aniruddha and Berthou, Pascal and Schmidt, Douglas C and Gayraud, Thierry},
  journal={Computer Networks},
  volume={75},
  pages={453--471},
  year={2014},
  publisher={Elsevier}
}